<collection xmlns="http://www.loc.gov/MARC21/slim">
<record>
  <leader>01400nam0a22002291i 450 </leader>
  <controlfield tag="001">IT\ICCU\CNCE\054079</controlfield>
  <controlfield tag="005">20030219000000.0</controlfield>
  <datafield tag="100" ind1=" " ind2=" ">
    <subfield code="a">20030218d1557        0itac0103    ba</subfield>
  </datafield>
  <datafield tag="101" ind1=" " ind2=" ">
    <subfield code="a">LAT</subfield>
  </datafield>
  <datafield tag="102" ind1=" " ind2=" ">
    <subfield code="a">IT</subfield>
  </datafield>
  <datafield tag="200" ind1="1" ind2=" ">
    <subfield code="a">℗M. Leonelli Faventini de Victoriis ... ℗De aegritudinibus infantium tractatus admodum salutifer. De eadem tractatione appendicula, priore haud minus frugifera, per d. Georgium Khufnerum iuniorem exarata. Accedit etiam Oratiuncula, in celebri literatissimorum virorum consessu Ingolstadii, per eundem iamiam citatum authorem publice habita. Omnia denuo summa cum diligentia castigata</subfield>
  </datafield>
  <datafield tag="210" ind1=" " ind2=" ">
    <subfield code="a">Venetiis</subfield>
    <subfield code="c">ex Officina Erasmiana</subfield>
    <subfield code="d">Vincentii Valgrisii</subfield>
    <subfield code="d">&amp; Balthesariis Constantini ad signum diui Georgii</subfield>
    <subfield code="d">1557</subfield>
  </datafield>
  <datafield tag="215" ind1=" " ind2=" ">
    <subfield code="a">191, \9! p.</subfield>
    <subfield code="d">15 cm</subfield>
  </datafield>
  <datafield tag="300" ind1=" " ind2=" ">
    <subfield code="a">ANNULLATA  !!!!!   vedi  37866</subfield>
  </datafield>
  <datafield tag="620" ind1=" " ind2=" ">
    <subfield code="a">IT</subfield>
    <subfield code="d">Venezia</subfield>
  </datafield>
  <datafield tag="700" ind1=" " ind2="1">
    <subfield code="a">Vittori,</subfield>
    <subfield code="b">Leonello</subfield>
    <subfield code="3">IT\ICCU\CNCA\007347</subfield>
  </datafield>
  <datafield tag="712" ind1="0" ind2="0">
    <subfield code="a">Valgrisi, Vincenzo &amp; Costantini, Baldassarre</subfield>
    <subfield code="3">IT\ICCU\CNCT\000751</subfield>
    <subfield code="4">650</subfield>
  </datafield>
  <datafield tag="790" ind1=" " ind2="0">
    <subfield code="a">Leonellus</subfield>
    <subfield code="c"> : Faventinus</subfield>
    <subfield code="3">IT\ICCU\CNCA\018036</subfield>
    <subfield code="z">Vittori, Leonello</subfield>
  </datafield>
  <datafield tag="790" ind1=" " ind2="1">
    <subfield code="a">Victorius,</subfield>
    <subfield code="b">Leonellus</subfield>
    <subfield code="3">IT\ICCU\CNCA\025531</subfield>
    <subfield code="z">Vittori, Leonello</subfield>
  </datafield>
  <datafield tag="790" ind1=" " ind2="1">
    <subfield code="a">Victoriis,</subfield>
    <subfield code="b">Leonellus : de</subfield>
    <subfield code="3">IT\ICCU\CNCA\025532</subfield>
    <subfield code="z">Vittori, Leonello</subfield>
  </datafield>
  <datafield tag="801" ind1=" " ind2="3">
    <subfield code="a">IT</subfield>
    <subfield code="b">ICCU</subfield>
    <subfield code="c">20201115</subfield>
  </datafield>
  <datafield tag="899" ind1=" " ind2=" ">
    <subfield code="a">Biblioteche del Polo di medicina legale, anatomia patologica e storia della medicina dell&apos;Universit ̉degli Studi di Padova. Padova</subfield>
    <subfield code="1">PD0403</subfield>
    <subfield code="2">PUV 43</subfield>
  </datafield>
</record>
</collection>
